% Encoding: UTF-8

@book{Knuth1998,
 author = {Knuth, Donald E.},
 title = {The art of computer programming,  volume 3: (2nd ed.) sorting and searching},
 year = {1998},
 publisher = {Addison Wesley Longman Publishing Co., Inc.},
 address = {Redwood City, CA, USA}
}

@book{Pollefliet2011,
  author = {Pollefliet, Leen},
  title = {Schrijven van verslag tot eindwerk: do's en don'ts},
  year = {2011},
  publisher = {Academia Press},
  address = {Gent}
}

@article{Creeger2009,
  author = {Creeger, Mache},
  journal = {Communications of the ACM},
  number = {8},
  pages = {50--56},
  title = {{CTO Roundtable: Cloud Computing}},
  volume = {52},
  year = {2009}
}

@Article{young2002,
  author    = {Young, Steve J and Odell, Julian J and Woodland, Phil C and others},
  title     = {Hidden Markov model decomposition of speech and noise},
  number    = {3},
  pages     = {442--455},
  volume    = {10},
  journal   = {Acoustics, Speech, and Signal Processing, IEEE Transactions on},
  publisher = {IEEE},
  year      = {2002},
}

@Article{jabraf2019,
  author    = {Jabraf, Abdulraouf},
  title     = {Advancements in Artificial Intelligence and Its Applications in Healthcare: A Review},
  volume    = {2019},
  journal   = {Journal of Healthcare Engineering},
  publisher = {Hindawi},
  year      = {2019},
}

@Article{hinton2012deep,
  author    = {Hinton, Geoffrey and Deng, Li and Yu, Dong and Dahl, George E and Mohamed, Abdel-rahman and Jaitly, Navdeep and Senior, Andrew and Vanhoucke, Vincent and Nguyen, Patrick and Sainath, Tara N and others},
  title     = {Deep neural networks for acoustic modeling in speech recognition: The shared views of four research groups},
  number    = {6},
  pages     = {82--97},
  volume    = {29},
  journal   = {IEEE Signal processing magazine},
  publisher = {IEEE},
  year      = {2012},
}

@Article{jabraf2017,
  author    = {Jabraf, Abdulraouf},
  title     = {Automatic Speech Recognition Systems: A Review},
  number    = {20},
  pages     = {25--30},
  volume    = {176},
  journal   = {International Journal of Computer Applications},
  publisher = {Foundation of Computer Science},
  year      = {2017},
}

@Article{smith2020,
  author  = {Smith, A. and Jones, B.},
  title   = {The importance of effective communication in healthcare},
  number  = {2},
  pages   = {45--58},
  volume  = {15},
  journal = {Journal of Medical Communication},
  year    = {2020},
}

@Article{patel2019,
  author  = {Patel, C. and Kumar, D.},
  title   = {The role of artificial intelligence in healthcare: Current trends and future possibilities},
  number  = {3},
  pages   = {112--130},
  volume  = {10},
  journal = {International Journal of Health Informatics},
  year    = {2019},
}

@Online{huggingface2023asr,
  author  = {{Hugging Face}},
  title   = {Uitgebreide Gids voor Automatische Spraakherkenning met Transformers},
  url     = {https://huggingface.co/docs/transformers/tasks/asr},
  urldate = {2023-09-28},
  year    = {2023},
}

@Misc{wav2vecu2021,
  author = {Baevski, Alexei and Hsu, Wei-Ning and Conneau, Alexis and Auli, Michael},
  title  = {High-performance speech recognition with no supervision at all},
  url    = {https://ai.meta.com/blog/wav2vec-unsupervised-speech-recognition-without-supervision/},
  year   = {2021},
}

@InProceedings{Povey_ASRU2011,
  author    = {Povey, Daniel and Ghoshal, Arnab and Boulianne, Gilles and Burget, Lukas and Glembek, Ondrej and Goel, Nagendra and Hannemann, Mirko and Motlicek, Petr and Qian, Yanmin and Schwarz, Petr and Silovsky, Jan and Stemmer, Georg and Vesely, Karel},
  booktitle = {IEEE 2011 Workshop on Automatic Speech Recognition and Understanding},
  title     = {The Kaldi Speech Recognition Toolkit},
  location  = {Hilton Waikoloa Village, Big Island, Hawaii, US},
  note      = {IEEE Catalog No.: CFP11SRW-USB},
  publisher = {IEEE Signal Processing Society},
  keywords  = {ASR, Automatic Speech Recognition, GMM, HTK, SGMM},
  month     = dec,
  year      = {2011},
}

@Misc{AmazonTranscribe2023,
  author = {{Amazon Web Services}},
  title  = {Amazon Transcribe: Automatic Speech Recognition},
  note   = {Accessed: 2023-09-28},
  url    = {https://aws.amazon.com/transcribe/},
  year   = {2023},
}

@Online{assemblyai2024,
  author  = {AssemblyAI},
  title   = {AssemblyAI ASR Model},
  url     = {https://www.assemblyai.com},
  urldate = {2024-03-16},
  year    = {2024},
}

@Misc{googleasr2024,
  author = {Google},
  title  = {Google Cloud Speech-to-Text},
  url    = {https://cloud.google.com/speech-to-text},
  year   = {2024},
}

@Online{azurespeech2024,
  author = {Microsoft},
  title  = {Azure Speech-to-Text},
  url    = {https://azure.microsoft.com/en-us/services/cognitive-services/speech-to-text/},
  year   = {2024},
}

@Article{whisper2023,
  author = {OpenAI},
  title  = {Whisper: OpenAI's Automatic Speech Recognition Model},
  note   = {Accessed: 2024},
  url    = {https://openai.com/blog/whisper},
  year   = {2023},
}

@Article{balsis2006evaluations,
  author    = {Balsis, Steve and Carpenter, Brian D.},
  title     = {Evaluations of Elderspeak in a Caregiving Context},
  doi       = {10.1300/J018v29n01_07},
  number    = {1},
  pages     = {79--96},
  url       = {https://www.tandfonline.com/doi/abs/10.1300/J018v29n01_07},
  volume    = {29},
  journal   = {Clinical Gerontologist},
  publisher = {Routledge},
  year      = {2006},
}

@Article{williams2005enhancing,
  author  = {Williams, Kristine and Kemper, Susan and Hummert, Mary Lee},
  title   = {Enhancing Communication With Older Adults: Overcoming Elderspeak},
  number  = {5},
  pages   = {12-16},
  volume  = {43},
  journal = {Journal of Psychosocial Nursing and Mental Health Services},
  year    = {2005},
}

@Article{grimme2015understanding,
  author    = {Grimme, Tracy M. and Buchanan, Jeffrey and Afflerbach, Shelby},
  title     = {Understanding Elderspeak from the Perspective of Certified Nursing Assistants},
  doi       = {10.3928/00989134-20151015-05},
  number    = {11},
  pages     = {42--49},
  volume    = {41},
  journal   = {Journal of Gerontological Nursing},
  publisher = {SLACK Incorporated},
  year      = {2015},
}

@Article{Errattahi_2018,
  author       = {Errattahi, Rahhal and El Hannani, Asmaa and Ouahmane, Hassan},
  date         = {2018},
  journaltitle = {Procedia Computer Science},
  title        = {Automatic Speech Recognition Errors Detection and Correction: A Review},
  doi          = {https://doi.org/10.1016/j.procs.2018.03.005},
  issn         = {1877-0509},
  pages        = {32--37},
  volume       = {128},
  publisher    = {Elsevier BV},
}

@Article{jiang2005confidence,
  author    = {Jiang, Hui},
  title     = {Confidence measures for speech recognition: A survey},
  number    = {4},
  pages     = {455--470},
  volume    = {45},
  journal   = {Speech Communication},
  publisher = {Elsevier},
  year      = {2005},
}

@Article{McCowan2004,
  author      = {Iain McCowan and Darren Moore and John Dines and Daniel Gatica-Perez and Mike Flynn and Pierre Wellner and Herve Bourlard},
  title       = {Application-Oriented Evaluation of Speech Recognition Systems},
  url         = {https://publications.idiap.ch/downloads/reports/2004/rr04-73.pdf},
  institution = {Idiap Research Institute},
  year        = {2004},
}

@Article{Kwint2023,
  author       = {Kwint, Emma and Zoet, Anna and Labunets, Katsiaryna and Brinkkemper, Sjaak},
  title        = {How Different Elements of Audio Affect the Word Error Rate of Transcripts in Automated Medical Reporting},
  doi          = {10.5220/0011794100003414},
  issn         = {2184-4305},
  pages        = {179--187},
  url          = {https://www.scitepress.org/Papers/2023/117941/117941.pdf},
  booktitle    = {Proceedings of the 16th International Joint Conference on Biomedical Engineering Systems and Technologies (BIOSTEC 2023) - Volume 5: HEALTHINF},
  isbn         = {978-989-758-631-6},
  organization = {SCITEPRESS},
  year         = {2023},
}

@Article{Rdazzi2023comparison,
  author       = {Rdazzi, A. and Herchonvicz, Andrey L. and Franco, Cristiano R. and Jasinski, Marcio G.},
  title        = {How Different Elements of Audio Affect the Word Error Rate of Transcripts in Automated Medical Reporting},
  pages        = {366--375},
  url          = {https://ieeexplore.ieee.org/abstract/document/7507128},
  booktitle    = {Proceedings of the X Computer on the Beach Conference},
  organization = {Senior Sistemas S/A, Departamento de Pesquisa Aplicada, Blumenau – SC – Brasil},
  year         = {2023},
}

@Book{rabiner1993fundamentals,
  author    = {Rabiner, Lawrence R and Juang, Biing-Hwang},
  title     = {Fundamentals of speech recognition},
  publisher = {Prentice Hall PTR},
  year      = {1993},
}

@Article{Morris_2004,
  author     = {Morris, Andrew Cameron and Maier, Viktoria and Green, Phil},
  date       = {2004-10},
  title      = {From WER and RIL to MER and WIL: improved evaluation measures for connected speech recognition},
  doi        = {10.21437/Interspeech.2004-668},
  series     = {interspeech_2004},
  booktitle  = {Interspeech 2004},
  collection = {interspeech_2004},
  publisher  = {ISCA},
}

@Online{awsmlblog2023,
  author = {AWS Machine Learning Blog},
  title  = {Evaluating an automatic speech recognition service},
  url    = {https://aws.amazon.com/blogs/machine-learning/evaluating-an-automatic-speech-recognition-service},
  note   = {2024-03-18},
  year   = {2023},
}

@Article{Kumalija_2022,
  author       = {Kumalija, Elhard and Nakamoto, Yukikazu},
  date         = {2022-09},
  journaltitle = {Frontiers in Signal Processing},
  title        = {Performance evaluation of automatic speech recognition systems on integrated noise-network distorted speech},
  doi          = {10.3389/frsip.2022.999457},
  issn         = {2673-8198},
  volume       = {2},
  publisher    = {Frontiers Media SA},
}

@Article{Fetzer_1990,
  author       = {Fetzer, James H.},
  date         = {1990},
  journaltitle = {Studies in Cognitive Systems},
  title        = {Artificial Intelligence: Its Scope and Limits},
  doi          = {https://doi.org/10.1007/978-94-009-1900-6},
  issn         = {0924-0780},
  isbn         = {9789400919006},
  publisher    = {Springer Netherlands},
}

@Online{hfASREvaluation2023,
  author = {huggingface},
  title  = {Evaluation of ASR Systems},
  url    = {https://huggingface.co/learn/audio-course/chapter5/evaluation},
  year   = {2023},
}

@Article{hirschberg2015advances,
  author    = {Hirschberg, Julia and Manning, Christopher D},
  title     = {Advances in natural language processing},
  doi       = {10.1126/science.aaa8685},
  number    = {6245},
  pages     = {261--266},
  volume    = {349},
  journal   = {Science},
  publisher = {American Association for the Advancement of Science},
  year      = {2015},
}

@Book{rabiner1993fundamentals,
  author    = {Rabiner, Lawrence R and Juang, Biing-Hwang},
  title     = {Fundamentals of speech recognition},
  publisher = {Prentice Hall PTR},
  year      = {1993},
}

@Book{Pollefliet2011,
  author    = {Pollefliet, Leen},
  title     = {Schrijven van verslag tot eindwerk: do's en don'ts},
  publisher = {Academia Press},
  address   = {Gent},
  year      = {2011},
}

@Online{jiwer2023,
  author  = {Jitsi},
  title   = {JiWER: A Simple and Fast Package for Automatic Speech Recognition Evaluation},
  url     = {https://github.com/jitsi/jiwer},
  note    = {Python package for evaluating ASR systems},
  version = {3.0.3},
  year    = {2023},
}

@Online{speechrecognitionevaluation2021,
  author = {{Symbl.AI}},
  title  = {Speech Recognition Evaluation},
  url    = {https://github.com/symblai/speech-recognition-evaluation},
  note   = {Accessed: 2024-03-22},
  year   = {2023},
}

@Online{StatistiekVlaanderen2023,
  author       = {Statistiek Vlaanderen},
  date         = {2023-04-28},
  title        = {Bevolking naar leeftijd en geslacht},
  url          = {https://www.vlaanderen.be/en/statistics-flanders/population/population-by-age-and-gender},
  journaltitle = {Bevolking naar leeftijd en geslacht},
}

@Comment{jabref-meta: databaseType:biblatex;}
