% Encoding: UTF-8

@Article{SabiEtAl2016,
  author       = {Sabi, Humphrey M. and Uzoka, Faith-Michael E. and Langmia, Kehbuma and Njeh, Felix M.},
  title        = {Conceptualizing a model for adoption of cloud computing in education},
  journaltitle = {International Journal of Information Management},
  year         = {2016},
  volume       = {36},
  number       = {2},
  pages        = {183--191},
  doi          = {10.1016/j.ijinfomgt.2015.11.010},
  url          = {http://www.sciencedirect.com/science/article/pii/S0268401215001115},
}

@Online{LewisFowler2014,
  author    = {Lewis, James and Fowler, Martin},
  title     = {Microservices: a definition of this new architectural term},
  date      = {2014-03-25},
  url       = {http://martinfowler.com/articles/microservices.html},
  urldate   = {2016-09-01},
}

@Online{Hykes2013,
  author    = {Solomon Hykes},
  title     = {The future of Linux Containers (PyCon 2013)},
  date      = {2013-03-21},
  url       = {https://www.youtube.com/watch?v=wW9CAH9nSLs},
  urldate   = {2016-09-01},
}

 
@Misc{Hill2023,
  author   = {Hill, Damian},
  date     = {2023-09},
  title    = {Python — {A} {Versatile} {Programming} {Language} for {AI} and {Data} {Science}},
  language = {en},
  url      = {https://medium.com/@damian.hill/python-a-versatile-programming-language-for-ai-and-data-science-9f03bb99e22b},
  urldate  = {2023-12-06},
  abstract = {In recent years, the field of artificial intelligence (AI) and data science has been rapidly growing, and Python has emerged as one of the most popular programming languages for these domains…},
}

@Comment{jabref-meta: databaseType:biblatex;}
